%-------------------------------------------------
%	Chapter 1
%-------------------------------------------------

%-------------------------------------------------
%	Chapter 2
%-------------------------------------------------

@article{DBLP:journals/cryptologia/Dang13,
  author    = {Quynh Dang},
  title     = {Changes in Federal Information Processing Standard {(FIPS)} 180-4,
               Secure Hash Standard},
  journal   = {Cryptologia},
  volume    = {37},
  pages     = {69--73},
  year      = {2013},
  url       = {https://doi.org/10.1080/01611194.2012.687431},
  doi       = {10.1080/01611194.2012.687431},
  timestamp = {Sun, 28 May 2017 13:24:52 +0200},
  biburl    = {https://dblp.org/rec/journals/cryptologia/Dang13.bib},
  bibsource = {dblp computer science bibliography, https://dblp.org}
}

@article{DBLP:journals/iacr/BertoniDPA15,
  author    = {Guido Bertoni and
               Joan Daemen and
               Micha{\"{e}}l Peeters and
               Gilles Van Assche},
  title     = {Keccak},
  journal   = {{IACR} Cryptol. ePrint Arch.},
  volume    = {2015},
  pages     = {389},
  year      = {2015},
  url       = {http://eprint.iacr.org/2015/389},
  timestamp = {Mon, 11 May 2020 15:53:56 +0200},
  biburl    = {https://dblp.org/rec/journals/iacr/BertoniDPA15.bib},
  bibsource = {dblp computer science bibliography, https://dblp.org}
}

%-------------------------------------------------
%	Chapter 3
%-------------------------------------------------

@article{github/bip0032,
  author = {Pieter Wuille},
  title  = {Hierarchical Deterministic Wallets},
  year   = {2012},
  url    = {https://github.com/bitcoin/bips/blob/master/bip-0032.mediawiki}
}

%-------------------------------------------------
%	Chapter 5
%-------------------------------------------------

@inproceedings{DBLP:conf/acsac/PanD06,
  author    = {Ying Pan and Xuhua Ding},
  title     = {Anomaly Based Web Phishing Page Detection},
  booktitle = {22nd Annual Computer Security Applications Conference - {ACSAC}},
  pages     = {381--392},
  publisher = {{IEEE} Computer Society},
  year      = {2006},
  doi       = {10.1109/ACSAC.2006.13}
}

%-------------------------------------------------
%	Chapter 6
%-------------------------------------------------