@INPROCEEDINGS{ma2016, 
author={J. {Ma} and Y. {Zhang} and J. {Liu} and K. {Yu} and X. {Wang}}, 
booktitle={2016 International Conference on Intelligent Networking and Collaborative Systems (INCoS)}, 
title={Intelligent SMS Spam Filtering Using Topic Model}, 
year={2016}, 
volume={}, 
number={}, 
pages={380-383}, 
keywords={electronic messaging;national security;pattern classification;probability;security of data;support vector machines;unsolicited e-mail;intelligent SMS spam filtering;spam messages;national security;text classifiers;noise data;message topic model;MTM;probability topic model;standard latent Dirichlet allocation;LDA;SMS message classification;K-mean algorithm;training data classification;symbol semantics;preprocessing rules;SVM;public SMS spam corpus;Filtering;Mobile communication;Resource management;Support vector machines;Training;Semantics;SMS Spam;Topic Model;LDA;MTM}, 
doi={10.1109/INCoS.2016.47}, 
ISSN={}, 
month={Sep.},}